@misc{Name,
  title = "",
  year = "",
  url = "",
  note = "[Online; inform√°cie z X. X. XXXX]"
} 
